<?xml version="1.0" encoding="UTF-8"?><collection xmlns="http://www.loc.gov/MARC21/slim"><record><leader>00572nam--2200181-i-4500</leader><controlfield tag="001">000043171</controlfield><controlfield tag="002">20161230</controlfield><controlfield tag="005">20161230201043</controlfield><controlfield tag="008">060222s1000------------r-----000-0-eng-d</controlfield><datafield ind1=" " ind2=" " tag="020"><subfield code="a">0444106278</subfield></datafield><datafield ind1=" " ind2=" " tag="040"><subfield code="a">IFIN-HH</subfield></datafield><datafield ind1=" " ind2=" " tag="080"><subfield code="a">530.145.6:539.19</subfield></datafield><datafield ind1="1" ind2=" " tag="100"><subfield code="a">Schutte,C.J.H</subfield></datafield><datafield ind1="1" ind2="0" tag="245"><subfield code="a">The theory of molecular spectroscopy</subfield><subfield code="b">Volume 1 the quantum mechanics and group theory of vibrating and rotating molecules</subfield><subfield code="c">C.j.h. schutte</subfield></datafield><datafield ind1=" " ind2=" " tag="260"><subfield code="a">Amsterdam</subfield><subfield code="b">North-holland Publishing Company</subfield><subfield code="c">1976</subfield></datafield><datafield ind1=" " ind2=" " tag="300"><subfield code="a">512P</subfield></datafield><datafield ind1=" " ind2=" " tag="852"><subfield code="a">37503</subfield><subfield code="c">539.19</subfield></datafield><datafield ind1=" " ind2=" " tag="CAT"><subfield code="a">Sys</subfield><subfield code="c">20120713</subfield><subfield code="h">145611</subfield></datafield></record></collection>